<collection xmlns="http://www.loc.gov/MARC21/slim"><record><leader>00889nam  2200277   450</leader><controlfield tag="001">999</controlfield><controlfield tag="003">http://montalegre.opacnet.com/OPAC/default.aspx?ContentAreaControl=ShowRegHoldings.ascx&amp;RegNo=16662</controlfield><datafield tag="010" ind1=" " ind2=" "><subfield code="a">972-20-0742-4</subfield></datafield><datafield tag="021" ind1=" " ind2=" "><subfield code="a">PT</subfield><subfield code="b">30642/89</subfield></datafield><datafield tag="095" ind1=" " ind2=" "><subfield code="a">PTBN00224096</subfield></datafield><datafield tag="100" ind1=" " ind2=" "><subfield code="a">19900116d1989    m  y0pory0103    ba</subfield></datafield><datafield tag="101" ind1="1" ind2=" "><subfield code="a">por</subfield><subfield code="c">fre</subfield></datafield><datafield tag="102" ind1=" " ind2=" "><subfield code="a">PT</subfield></datafield><datafield tag="105" ind1=" " ind2=" "><subfield code="a">y   z   001ay</subfield></datafield><datafield tag="106" ind1=" " ind2=" "><subfield code="a">r</subfield></datafield><datafield tag="200" ind1="1" ind2=" "><subfield code="a">&lt;A &gt;exposição colonial</subfield><subfield code="f">Erik Orsenna</subfield><subfield code="g">trad. Miguel Serras Pereira</subfield></datafield><datafield tag="205" ind1=" " ind2=" "><subfield code="a">1ª ed</subfield></datafield><datafield tag="210" ind1=" " ind2=" "><subfield code="a">Lisboa</subfield><subfield code="c">Dom Quixote</subfield><subfield code="d">1989</subfield></datafield><datafield tag="215" ind1=" " ind2=" "><subfield code="a">595 p.</subfield><subfield code="d">24 cm</subfield></datafield><datafield tag="225" ind1="2" ind2=" "><subfield code="a">Ficção universal</subfield><subfield code="v">58</subfield></datafield><datafield tag="304" ind1=" " ind2=" "><subfield code="a">Tít. orig. : L'exposition coloniale</subfield></datafield><datafield tag="675" ind1=" " ind2=" "><subfield code="a">840-31"19"</subfield><subfield code="v">BN</subfield><subfield code="z">por</subfield><subfield code="3">319990</subfield></datafield><datafield tag="700" ind1=" " ind2="1"><subfield code="a">Orsenna</subfield><subfield code="b">Erik</subfield><subfield code="f">1947-</subfield><subfield code="3">38760</subfield></datafield><datafield tag="702" ind1=" " ind2="1"><subfield code="a">Pereira</subfield><subfield code="b">Miguel Serras</subfield><subfield code="f">1949-</subfield><subfield code="4">730</subfield><subfield code="3">28318</subfield></datafield><datafield tag="801" ind1=" " ind2="0"><subfield code="a">PT</subfield><subfield code="b">Biblioteca Municipal de Montalegre</subfield><subfield code="g">RPC</subfield></datafield><datafield tag="856" ind1=" " ind2=" "><subfield code="u">locateMedia.asp?cod=20060705155709&amp;ext=jpg</subfield><subfield code="z">CAPA</subfield></datafield><datafield tag="909" ind1="&#9;" ind2=" "><subfield code="a">1</subfield></datafield><datafield tag="966" ind1=" " ind2=" "><subfield code="a">0009295</subfield><subfield code="l">BMM</subfield><subfield code="s">SCG 821 ORS exp 58</subfield></datafield></record></collection>